<record><leader>00000cas a2200000 a 4500</leader><controlfield tag="001">14372794</controlfield><controlfield tag="008">861010d18041804laucr ne      0    0eng c</controlfield><datafield ind1=" " ind2=" " tag="010"><subfield code="a">sn 86053762 </subfield></datafield><datafield ind1=" " ind2=" " tag="040"><subfield code="a">NPX</subfield><subfield code="b">eng</subfield><subfield code="c">NPX</subfield><subfield code="d">LNP</subfield><subfield code="d">MGN</subfield><subfield code="d">CUI</subfield><subfield code="d">OCLCQ</subfield><subfield code="d">OCLCF</subfield></datafield><datafield ind1="0" ind2=" " tag="041"><subfield code="a">engfrespa</subfield></datafield><datafield ind1=" " ind2=" " tag="042"><subfield code="a">pcc</subfield></datafield><datafield ind1=" " ind2=" " tag="043"><subfield code="a">n-us-la</subfield></datafield><datafield ind1=" " ind2="4" tag="050"><subfield code="a">AN</subfield></datafield><datafield ind1="0" ind2="4" tag="245"><subfield code="a">The Union, &amp;c.</subfield></datafield><datafield ind1="3" ind2="0" tag="246"><subfield code="a">Union, &amp; c.</subfield></datafield><datafield ind1="3" ind2="0" tag="246"><subfield code="a">Union, etc.</subfield></datafield><datafield ind1="3" ind2="0" tag="246"><subfield code="a">Union, for the country</subfield></datafield><datafield ind1=" " ind2=" " tag="250"><subfield code="a">[For the country].</subfield></datafield><datafield ind1=" " ind2=" " tag="260"><subfield code="a">[New Orleans, La.] :</subfield><subfield code="b">J. Lyon &amp; Co.</subfield></datafield><datafield ind1=" " ind2=" " tag="300"><subfield code="a">v.</subfield></datafield><datafield ind1=" " ind2=" " tag="310"><subfield code="a">Semiweekly</subfield></datafield><datafield ind1="1" ind2=" " tag="362"><subfield code="a">Began Feb. 20, 1804? Ceased in Dec. 1804.</subfield></datafield><datafield ind1=" " ind2=" " tag="500"><subfield code="a">Title varies slightly.</subfield></datafield><datafield ind1=" " ind2=" " tag="515"><subfield code="a">Lacks enumeration.</subfield></datafield><datafield ind1=" " ind2=" " tag="546"><subfield code="a">In English; some notices in French and Spanish.</subfield></datafield><datafield ind1=" " ind2=" " tag="588"><subfield code="a">Description based on: Feb. 20, 1804; title from column heading.</subfield></datafield><datafield ind1=" " ind2="0" tag="651"><subfield code="a">New Orleans (La.)</subfield><subfield code="v">Newspapers.</subfield></datafield><datafield ind1=" " ind2="7" tag="655"><subfield code="a">Newspapers.</subfield><subfield code="2">fast</subfield><subfield code="0">(OCoLC)fst01423814</subfield></datafield><datafield ind1=" " ind2="7" tag="651"><subfield code="a">Louisiana</subfield><subfield code="z">New Orleans.</subfield><subfield code="2">fast</subfield><subfield code="0">(OCoLC)fst01204311</subfield></datafield><datafield ind1=" " ind2=" " tag="752"><subfield code="a">United States</subfield><subfield code="b">Louisiana</subfield><subfield code="c">Orleans</subfield><subfield code="d">New Orleans.</subfield></datafield><datafield ind1="0" ind2=" " tag="775"><subfield code="t">Union, or, New-Orleans advertiser and price current</subfield><subfield code="w">(DLC)sn 86053761</subfield><subfield code="w">(OCoLC)14372765</subfield></datafield><datafield ind1="0" ind2="0" tag="785"><subfield code="t">Orleans gazette, for the country</subfield><subfield code="w">(DLC)sn 83016553</subfield><subfield code="w">(OCoLC)9906395</subfield></datafield></record>